<record><leader>00000cas a22000007a 4500</leader><controlfield tag="001">21634415</controlfield><controlfield tag="008">900530d189u1901couwr ne      0    0eng d</controlfield><datafield ind1=" " ind2=" " tag="010"><subfield code="a">sn 90051363 </subfield></datafield><datafield ind1=" " ind2=" " tag="040"><subfield code="a">CNQ</subfield><subfield code="b">eng</subfield><subfield code="c">CNQ</subfield><subfield code="d">OCLCQ</subfield></datafield><datafield ind1=" " ind2=" " tag="042"><subfield code="a">msc</subfield></datafield><datafield ind1="0" ind2="0" tag="245"><subfield code="a">Florence refiner.</subfield></datafield><datafield ind1=" " ind2=" " tag="260"><subfield code="a">Florence, Colo. :</subfield><subfield code="b">J.W. Work</subfield></datafield><datafield ind1=" " ind2=" " tag="300"><subfield code="a">v.</subfield></datafield><datafield ind1=" " ind2=" " tag="310"><subfield code="a">Semiweekly,</subfield><subfield code="b">Jan. 5, 1897-&lt;1901&gt;</subfield></datafield><datafield ind1=" " ind2=" " tag="321"><subfield code="a">Weekly,</subfield><subfield code="b">&lt;July 3, 1896&gt;-Jan. 1, 1897</subfield></datafield><datafield ind1="1" ind2=" " tag="362"><subfield code="a">Ceased in 1901?</subfield></datafield><datafield ind1=" " ind2=" " tag="530"><subfield code="a">Available on microfilm from the Colorado Historical Society.</subfield></datafield><datafield ind1=" " ind2=" " tag="588"><subfield code="a">Description based on: Vol. 9, no. 3 (July 3, 1896).</subfield></datafield><datafield ind1=" " ind2=" " tag="752"><subfield code="a">United States</subfield><subfield code="b">Colorado</subfield><subfield code="c">Fremont</subfield><subfield code="d">Florence.</subfield></datafield><datafield ind1="0" ind2="0" tag="780"><subfield code="t">Oil refiner</subfield><subfield code="w">(DLC)sn 90051361</subfield></datafield><datafield ind1="0" ind2="7" tag="785"><subfield code="t">Industrial ideal</subfield></datafield><datafield ind1="0" ind2="7" tag="785"><subfield code="t">Ex parte</subfield><subfield code="w">(DLC)sn 90051364</subfield></datafield><datafield ind1="0" ind2="7" tag="785"><subfield code="t">Ex parte and Florence refiner</subfield><subfield code="w">(DLC)sn 90051365</subfield></datafield></record>